\begin{thebibliography}

@misc{IUCN,
  author = {International Union for Conservation of Nature},
  title = {MARINE PLASTIC POLLUTION},
  note = "[Online]. Available: https://www.iucn.org/sites/default/files/2023-11/marine-plastic-pollution-issues-brief_nov21-nov-2023-correction.pdf,
  year = "2021"
}

@book{kay1993fundamentals,
  title={Fundamentals of statistical signal processing},
  author={Kay, Steven M},
  year={1993},
  publisher={Prentice Hall PTR}
}
@misc{France,
    author = {Jenny Knowles}
    title = {Franceâ€™s Pledge to Stop Single-Use Plastic}
    note = "[Online]. Available: https://blog.mdpi.com/2022/01/11/stop-single-use-plastic/
    year = "2022"
}

@ARTICLE{Invest,  
author={K. {Themistocleous} and C. {Papoutsa} and S. {Michaelides} and D. {Hadjimitsis}},  
journal={MDPI},   
title={Investigating Detection of Floating Plastic Litter from Space Using Sentinel-2 Imagery},   
year={2020},  
volume={12},  
issue={16},  
pages={2487-2501},  
doi={10.3390/rs12162648}}


\end{thebibliography}														


